@misc{ choi-life,
  author = "Sung-Eun Choi and Erik A. Hendriks and Ronald G. Minnich and
Matthew J.
    Sottile",
  title = "Life With Ed - A Case Study of a LinuxBIOS/BProc Cluster",
  url = "citeseer.ist.psu.edu/615104.html" }

@misc{ limbo,
	author = "Dennis Ritchie",
	title = "The Limbo Programming Language",
	publisher = "Lucent Technologies Inc",
	year = {1997}
}

@misc{ minnich-vfs,
  author = "Ron Minnich",
  title = "V9FS: A Private Name Space system for Unix and its uses for
Distributed
    and Cluster Computing",
  url = "citeseer.ist.psu.edu/minnich99vfs.html" }


@inproceedings{1019813,
 author = {Gregory R. Watson and Matthew J. Sottile and Ronald G. Minnich
and Sung-Eun Choi and Erik A. Hendriks},
 title = {Pink: A 1024-node Single-System Image Linux Cluster},
 booktitle = {HPCASIA '04: Proceedings of the High Performance Computing and
Grid in Asia Pacific Region, Seventh International Conference on
(HPCAsia'04)},
 year = {2004},
 isbn = {0-7695-2138-X},
 pages = {454--461},
 publisher = {IEEE Computer Society},
 address = {Washington, DC, USA},
 }

@article{ pike95plan,
    author = "Rob Pike and Dave Presotto and Sean Dorward and Bob Flandrena
and Ken Thompson and Howard Trickey and Phil Winterbottom",
    title = "{Plan 9} from {Bell Labs}",
    journal = "Computing Systems",
    volume = "8",
    number = "3",
    month = "Summer",
    pages = "221--254",
    year = "1995",
    url = "citeseer.ist.psu.edu/article/pike90plan.html" }

@article{ 9.2.u,
  author = "Ronald G. Minnich",
  title = "9.2.u: A User-mode Private Name Space System for Unix",
  journal = "Technical Report",
  year = "1998",
}

@inproceedings{ cox02security,
  author = "Russ Cox and Eric Grosse and Rob Pike and Dave Presotto and Sean
Quinlan",
  title = "Security in Plan 9",
  booktitle = "Proceedings of the 11th USENIX Security Symposium",
  address = "San Francisco",
  year = "2002",
  pages = "3--16",
  url = "citeseer.ist.psu.edu/article/cox02security.html" }

@inproceedings{ supermon,
  author = "Matthew J. Sottile and Ronald G. Minnich",
  title = "Supermon: A High-Speed Cluster Monitoring System",
  booktitle = "IEEE International Conference on Cluster Computing",
  year = "2002",
  pages = "39"
}

@inproceedings{ grosse97real,
    author = "Eric Grosse",
    title = "Real {Inferno}",
    booktitle = "The Quality of Numerical Software: Assessment and
Enhancement: Proceedings of the {IFIP} {TC2}\slash {WG} 2.5 Working
Conference on the Quality of Numerical Software, Oxford, United Kingdon,
8--12 July 1996",
    publisher = "Chapman Hall on behalf of IFIP",
    address = "London",
    editor = "Ronald F. Boisvert",
    isbn = "0-412-80530-8",
    pages = "270--279",
    year = "1997",
    url = "citeseer.ist.psu.edu/grosse98real.html" }

@misc{ BJS,
  author = "Paul Ruth and Sung-Eun Choi and Erik A. Hendriks",
  title = "BJS: A Scalable, Fault-Tolerant Job Scheduler for Cluster
Systems",
  booktitle = "poster, IEEE International Conference on Cluster Computing",
  year = 2002
}

@inproceedings{ presottonetworks,
  author = "D. Presotto and P. Winterbottom",
  title = "The Organization of Networks in Plan 9",
  booktitle = "Usenix Winter Conference Proceedings",
  pages = "271--280",
  year = 1993,
  address = "San Diego, CA"
}

@inproceedings{ mirtchovski04grid,
  author = "Andrey Mirtchovski and Rob Simmonds and Ron Minnich",
  title = "Plan 9 - An Integrated Approach to Grid Computing",
  booktitle = "International Parallel and Distributed Processing Symposium
(IPDPS'04) - Workshop 17",
  address = "Santa Fe",
  year = "2004",
  pages = "273a"
}

@article{ sexpr,
  title = "LISP 1.5 Programmer's Manual, 2$^{nd}$ edition",
  journal = "MIT Press",
  year = 1965,
}

@article{ 9p,
  title = "Introduction to the 9p protocol",
  journal = "Plan 9 Programmer's Manual",
  address = "AT\&T Bell Laboratories, Murray Hill, NJ",
  volume = 3,
  year = 2000,
}

@inproceedings{ NAS,
  author = "NASA",
  title = "NAS Parallel Benchmarks",
  address = "http://www.nas.nasa.gov/Resources/Software/npb.html",
}

@inproceedings{ LSF,
  author = "Platform Computing",
  title = "Platform LSF Scheduler",
  address = "http://www.platform.com"
}
@inproceedings{ inferno,
  author = "Vita Nuova",
  title = "The Inferno Operating System",
  address = "http://www.vitanuova.com",
}

@inproceedings{ v9fseric,
  author = "Eric Van Hensbergen, Latchesar Ionkov",
  title = "The V9fs Project",
  address = "http://v9fs.sourceforge.net",
}

@inproceedings{ graverobbers,
	author = "Eric Van Hensbergen and Ron Minnich",
	title = "Grave Robbers From Outer Space: Using 9P2000 Under Linux",
	booktitle = "Freenix Annual Conference",
	pages = "83--94",
	year = 2005,
}

@inproceedings{ openssi-cluster,
  author = "B. J. Walker",
  title = "OpenSSI Linux Cluster Project",
  address = "http://openssi.org/ssiintro.pdf"
}
