@article{ ron-xcpu,
    author = "Ron Minnich and Andrey Mirtchovski",
    title = "XCPU: a new, 9p-based, process management system for clusters and grids",
    journal = "Cluster Computing, 2006 IEEE International Conference on",
    pages = "1-10",
    year = "2006",
}

@inproceedings{ lucho-xcpu,
  author = "Latchesar Ionkov and Ron Minnich and Andrey Mirtchovski",
  title = "The XCPU Cluster Management Framework",
  journal = "First International Workshop on Plan9",
  year = "2006",
}

@INPROCEEDINGS{ bproc,
 title={Life with Ed: a case study of a linux BIOS/BProc cluster}, 
 author={Sung-Eun Choi and Hendriks, E.A. and Minnich, R.G. and Sottile, M.J. and Marks, A.J.}, 
 journal={High Performance Computing Systems and Applications, 2002. Proceedings. 16th Annual International Symposium on}, 
 year={2002}, 
 month={}, 
 volume={}, 
 number={}, 
 pages={33-39}, 
 doi={}, 
 ISSN={} 
}

@article{ pike95plan,
    author = "Rob Pike and Dave Presotto and Sean Dorward and Bob Flandrena
and Ken Thompson and Howard Trickey and Phil Winterbottom",
    title = "{Plan 9} from {Bell Labs}",
    journal = "Computing Systems",
    volume = "8",
    number = "3",
    month = "Summer",
    pages = "221--254",
    year = "1995",
    url = "citeseer.ist.psu.edu/article/pike90plan.html" 
}

@article{ 9p,
  title = "Introduction to the 9p protocol",
  journal = "Plan 9 Programmer's Manual",
  address = "AT\&T Bell Laboratories, Murray Hill, NJ",
  volume = 3,
  year = 2000,
}

@misc{ minnich-vfs,
  author = "Ron Minnich",
  title = "V9FS: A Private Name Space system for Unix and its uses for Distributed and Cluster Computing",
  url = "citeseer.ist.psu.edu/minnich99vfs.html" }

@inproceedings{ v9fseric,
  author = "Eric Van Hensbergen and Latchesar Ionkov",
  title = "The V9FS Project",
  address = "http://v9fs.sourceforge.net",
}

@inproceedings{ npfs,
  author = "Latchesar Ionkov",
  title = "The Npfs Project",
  address = "http://npfs.sourceforge.net",
}

@inproceedings{ authd,
  author = "Brent N. Chun",
  title = "Authd",
  address = "http://www.theether.org/authd",
}

@inproceedings{ munge,
  author = "Chris Dunlap",
  title = "Munge Authentication Service",
  address = "http://home.gna.org/munge",
}

@misc{rfc4252,
  author="T. Ylonen and C. Lonvick",
  title="{The Secure Shell (SSH) Authentication Protocol}",
  series="Request for Comments",
  number="4252",
  howpublished="RFC 4252 (Proposed Standard)",
  publisher="IETF",
  organisation="Internet Engineering Task Force",
  year=2006,
  month=jan,
    url="http://www.ietf.org/rfc/rfc4252.txt",
}
